<?xml version="1.0" encoding="UTF-8"?><record xmlns="http://www.loc.gov/MARC21/slim" xmlns:cinclude="http://apache.org/cocoon/include/1.0" xmlns:zs="http://www.loc.gov/zing/srw/">
  <leader>00946cz  a2200241n  4500</leader>
  <controlfield tag="001">no2014070797</controlfield>
  <controlfield tag="003">DLC</controlfield>
  <controlfield tag="005">20140930073925.0</controlfield>
  <controlfield tag="008">140522n| azannaabn          |n aaa     c</controlfield>
  <datafield tag="010" ind1=" " ind2=" ">
    <subfield code="a">no2014070797</subfield>
  </datafield>
  <datafield tag="035" ind1=" " ind2=" ">
    <subfield code="a">(OCoLC)oca09862937</subfield>
  </datafield>
  <datafield tag="040" ind1=" " ind2=" ">
    <subfield code="a">InU</subfield>
    <subfield code="b">eng</subfield>
    <subfield code="e">rda</subfield>
    <subfield code="c">InU</subfield>
    <subfield code="d">ViFGM</subfield>
  </datafield>
  <datafield tag="046" ind1=" " ind2=" ">
    <subfield code="f">1957</subfield>
  </datafield>
  <datafield tag="100" ind1="1" ind2=" ">
    <subfield code="a">Auffret, Jean-Pierre,</subfield>
    <subfield code="d">1957-</subfield>
  </datafield>
  <datafield tag="370" ind1=" " ind2=" ">
    <subfield code="a">Buffalo (N.Y.)</subfield>
    <subfield code="c">United States</subfield>
    <subfield code="e">Fairfax (Va.)</subfield>
  </datafield>
  <datafield tag="371" ind1=" " ind2=" ">
    <subfield code="m">jauffret@gmu.edu</subfield>
  </datafield>
  <datafield tag="372" ind1=" " ind2=" ">
    <subfield code="a">Education, Higher</subfield>
    <subfield code="a">Gerontology</subfield>
    <subfield code="2">lcsh</subfield>
  </datafield>
  <datafield tag="373" ind1=" " ind2=" ">
    <subfield code="a">George Mason University</subfield>
    <subfield code="2">naf</subfield>
  </datafield>
  <datafield tag="374" ind1=" " ind2=" ">
    <subfield code="a">College teachers</subfield>
    <subfield code="a">Gerontologists</subfield>
    <subfield code="2">lcsh</subfield>
  </datafield>
  <datafield tag="375" ind1=" " ind2=" ">
    <subfield code="a">male</subfield>
  </datafield>
  <datafield tag="377" ind1=" " ind2=" ">
    <subfield code="a">eng</subfield>
  </datafield>
  <datafield tag="670" ind1=" " ind2=" ">
    <subfield code="a">Aging society and ICT, 2013:</subfield>
    <subfield code="b">title page (Jean-Pierre Auffret; George Mason Univ. School of Management, Fairfax, VA)</subfield>
  </datafield>
  <datafield tag="670" ind1=" " ind2=" ">
    <subfield code="a">Email from Auffret, September 8, 2014</subfield>
    <subfield code="b">(born 1957, Buffalo, New York; author of Magnetic order and spin direction reorientation transitions in thin magnetic films; email jauffret@gmu.edu)</subfield>
  </datafield>
</record>